
@misc{ML:DataScientest,
	author = "DataScientest",
	title = "Machine Learning: definicion, funcionamiento, usos",
	year = "2021",
	howpublished = {\url{https://datascientest.com/es/machine-learning-definicion-funcionamiento-usos}},
	note = "[Internet; descargado 16-enero-2024]"
}

@misc{ML:ibm,
	author = "ibm",
	title = "What is machine learning?",
	year = "2019",
	howpublished = {\url{https://www.ibm.com/topics/machine-learning}},
	note = "[Internet; descargado 15-enero-2024]"
}

@misc{Guia:PEP8,
	author = "van Rossum, Guido and Warsaw, Barry and Coghlan, Alyssa",
	title = "PEP 8 - Style Guide for Python Code",
	year = "2013",
	howpublished = {\url{https://peps.python.org/pep-0008/}},
	note = "[Internet; descargado 28 de marzo de 2024]"
}
@misc{ eswiki:156873545,
	author = "Wikipedia",
	title = "SOLID --- Wikipedia{,} La enciclopedia libre",
	year = "2024",
	howpublished = {\url{https://es.wikipedia.org/w/index.php?title=SOLID&oldid=156873545}},
	note = "[Internet; descargado 9-enero-2024]"
}

@misc{SL:guide,
	author = "emeritus",
	title = "What is Supervised Learning in Machine Learning? A Comprehensive Guide",
	year = "2023",
	howpublished = {\url{https://emeritus.org/blog/ai-and-ml-supervised-learning/}},
	note = "[Internet; descargado 17-enero-2024]"
}

@misc{GH:VASS,
	author= "David Martinez Acha",
	title = "TFG-SemiSupervisado",
	year = "2023",
	howpublished = {\url{https://github.com/dmacha27/TFG-SemiSupervisado}},
	note = "[Internet; descargado 20-marzo-2024]"
}
@misc{USL:guide,
	author = "Kurtis Pykes",
	title = "Introduction to Unsupervised Learning",
	year = "2024",
	howpublished = {\url{https://www.datacamp.com/blog/introduction-to-unsupervised-learning}},
	note = "[Internet; descargado 17-enero-2024]"
}

@misc{web:ml-visualizer,
	author = "Sagnik Bhattacharya",
	title = "ML Algorithm Visualizer",
	year = "2020",
	howpublished = {\url{https://ml-visualizer.herokuapp.com/}},
	note = "[Internet; descargado 1-abril-2024]"}

@misc{web:assumptions,
	author = "Vidushi Meel",
	title = "What is semi-supervised Machine Learning? A Gentle Introduction",
	year = "2021",
	howpublished = {\url{https://viso.ai/deep-learning/semi-supervised-machine-learning-models/}},
	note = "[Internet; descargado 18-enero-2024]"
}

@misc{web:boostingvsbaging,
	author = "Soumya",
	organization = "geeksforgeeks",
	title = "Bagging vs Boosting in Machine Learning",
	year = "2022",
	howpublished = {\url{https://www.geeksforgeeks.org/bagging-vs-boosting-in-machine-learning/}},
	note = "[Internet; descargado 20-marzo-2024]"
}

@misc{ eswiki:kdtree,
	author = "Wikipedia",
	title = "Árbol kd --- Wikipedia{,} La enciclopedia libre",
	year = "2020",
	howpublished = {\url{https://es.wikipedia.org/w/index.php?title=%C3%81rbol_kd&oldid=128605031}},
	note = "[Internet; descargado 20-agosto-2020]"
}

@misc{ web:evaluate,
	author = "Jason Brownlee",
	title = "How to Evaluate Machine Learning Algorithms",
	year = "2020",
	howpublished = {\url{https://machinelearningmastery.com/how-to-evaluate-machine-learning-algorithms/}},
	note = "[Internet; descargado 12-junio-2024]"
}
	
@misc{web:crossVal,
	author = "Samadrita Ghosh",
	title = "The Ultimate Guide to Evaluation and Selection of Models in Machine Learning",
	year = "2024",
	howpublished = {\url{https://neptune.ai/blog/ml-model-evaluation-and-selection}},
	note = "[Internet; descargado 12-junio-2024]"
}

@misc{web:lighthouse,
	author = "Chrome for Developers",
	title = "Lighthouse",
	year = "2016",
	howpublished = {\url{https://developer.chrome.com/docs/lighthouse}},
	note = "[Internet; descargado 12-junio-2024]"
}
@misc{deployApp,
	author = "Aditya arya",
	title = "Deploy a Flask application to Azure VM with an SSL certificate.",
	year = "2023",
	howpublished = {\url{https://medium.com/@adityaarya1/deploy-a-flask-application-to-azure-vm-with-a-ssl-certificate-d2960c50783d}},
	note = "[Internet; descargado 30-junio-2024]"
}

@misc{datatables,
	author = "DataTables",
	title = "Add advanced interaction controls
	to your HTML tables the free & easy way",
	year = "2024",
	howpublished = {\url{https://datatables.net/}},
	note = "[Internet; descargado 30-junio-2024]"
}

@misc{ enwiki:verlet,
	author = "{Wikipedia contributors}",
	title = "Verlet integration --- {Wikipedia}{,} The Free Encyclopedia",
	year = "2024",
	howpublished = {\url{https://en.wikipedia.org/w/index.php?title=Verlet_integration&oldid=1230349669}},
	note = "[Online; acceso 2-julio-2024]"
}

@misc{d3-simulation,
	author= "d3.org",
	title = "Force simulations",
	year = "2023",
	howpublished = {\url{https://d3js.org/d3-force/simulation}},
	note = "[Internet; descargado 2-julio-2024]"
}

@misc{fuerzacentral,
	author= "d3.org",
	title = "Center force",
	year = "2023",
	howpublished = {\url{https://d3js.org/d3-force/center}},
	note = "[Internet; descargado 2-julio-2024]"
}

@book{ML:SisInt,
	author = "César García Osorio and José Francisco Diez Pastor",
	title = "Aprendizaje automático. Introducción y problemas tipo",
	publisher = "Sistemas Inteligentes",
	year = "2022"
}

@book{Intro:SemiSupervised,
	author = "Xiaojin Zhu and Andrew B. Goldberg",
	title = "Introduction to Semi-Supervised Learning",
	publisher = "Morgan and Claypool",
	year = "2009"
}

@inbook{PCA,
	author = {Etienne Bernard},
	title = {Introduction to Machine Learning. Dimensionality Reduction},
	year = {2021},
	publisher = {Wolfram Media},
	chapter = {7},
}


@article{ensembles,
  title={Ensemble Based Systems in Decision Making},
  author={Polikar, R.},
  journal={IEEE Circuits and systems magazine},
  volume={6},
  number={3},
  pages={21--45},
  year={2006},
  doi={10.1109/MCAS.2006.1688199}
}

@article{Engelen:semi-supervised,
	title={A survey on semi supervised learning},
	author={van Engelen, Jesper E. and Hoos, Holger H.},
	journal={Machine Learning},
	volume={109},
	pages={373--400},
	year={2020},
	doi={doi.org/10.1007/s10994-019-05855-6}
}

@article{TFG:David,
	title={Herramienta docente para la visualización en Web de algoritmod de aprendizaje Semi-Supervisado},
	author={David Martinez Acha},
	journal={Universidad de Burgos},
	year={2023}
}

@article{IEEE:CoForest,
	title = {Improve Computer-Aided Diagnosis With Machine
			Learning Techniques Using Undiagnosed Samples},
	author = {Li, Ming and Zhou, Zhi-Hua},
	journal = {IEEE transactions on systems, man, and cybernetics - Part A: Systems and Humans},
	volume = {37},
	number = {6},
	pages={1088-1098},
	year = {2007},
	doi={10.1109/TSMCA.2007.904745}}
	
@INPROCEEDINGS{gbili,
	author={Berton, Lilian and De Andrade Lopes, Alneu},
	booktitle={2014 22nd International Conference on Pattern Recognition}, 
	title={Graph Construction Based on Labeled Instances for Semi-supervised Learning}, 
	year={2014},
	volume={},
	number={},
	pages={2477-2482},
	doi={10.1109/ICPR.2014.428}}
	
@article{rgcli,
	title={Rgcli: Robust graph that considers labeled instances for semi-supervised learning},
	author={Berton, Lilian and de Paulo Faleiros, Thiago and Valejo, Alan and Valverde-Rebaza, Jorge and de Andrade Lopes, Alneu},
	journal={Neurocomputing},
	volume={226},
	pages={238--248},
	year={2017},
	publisher={Elsevier}
}
@article{LGC,
	title={Learning with local and global consistency},
	author={Zhou, Dengyong and Bousquet, Olivier and Lal, Thomas and Weston, Jason and Sch{\"o}lkopf, Bernhard},
	journal={Advances in neural information processing systems},
	volume={16},
	year={2003}
}

@article{GSSL:review,
	author={Song, Zixing and Yang, Xiangli and Xu, Zenglin and King, Irwin},
	journal={IEEE Transactions on Neural Networks and Learning Systems}, 
	title={Graph-Based Semi-Supervised Learning: A Comprehensive Review}, 
	year={2023},
	volume={34},
	number={11},
	pages={8174-8194},
	keywords={Taxonomy;Semisupervised learning;Manifolds;Codes;Training;Prediction algorithms;Image color analysis;Graph embedding;graph representation learning;graph-based semi-supervised learning (GSSL);semi-supervised learning (SSL)},
	doi={10.1109/TNNLS.2022.3155478}}

	
@manual{SCRUM,
	author = {Marta Palacio},
	title = {Scrum Master},
	year = {2021},
	version = {3.052},
	organization = {Scrum Manager}
}

@article{TFG:Patricia,
	title={Aprendizaje semisupervisado y ciberseguridad: detección automática de ataques en sistemas de recomendación y phising},
	author={Patricia Hernando Fernández},
	journal={Universidad de Burgos},
	year={2023}
}



