@article{Engelen:semi-supervised,
	title={A survey on semi supervised learning},
	author={van Engelen, Jesper E. and Hoos, Holger H.},
	journal={Machine Learning},
	volume={109},
	pages={373--400},
	year={2020},
	doi={doi.org/10.1007/s10994-019-05855-6}
}

@article{ensembles,
	title={Ensemble Based Systems in Decision Making},
	author={Polikar, R.},
	journal={IEEE Circuits and systems magazine},
	volume={6},
	number={3},
	pages={21--45},
	year={2006},
	doi={10.1109/MCAS.2006.1688199}
}

@misc{ wiki:latex,
       author = "Wikipedia",
       title = "LaTeX --- Wikipedia{,} La enciclopedia libre",
       year = "2015",
% TODO: \usepackage{graphicx} required
\begin{figure}
\centering
\includegraphics[width=0.7\linewidth]{memoria}
\caption{}
\label{fig:memoria}
\end{figure}
       url = "https://es.wikipedia.org/w/index.php?title=LaTeX&oldid=84209252",
       note = "[Internet; descargado 30-septiembre-2015]"
}
